<?xml version="1.0" encoding="UTF-8"?><collection xmlns="http://www.loc.gov/MARC21/slim"><record><leader>00571nam--2200205-i-4500</leader><controlfield tag="001">000042742</controlfield><controlfield tag="002">20161230</controlfield><controlfield tag="005">20161230201043</controlfield><controlfield tag="008">060222s1000------------r-----000-0-rum-d</controlfield><datafield ind1=" " ind2=" " tag="040"><subfield code="a">IFIN-HH</subfield></datafield><datafield ind1=" " ind2=" " tag="041"><subfield code="a">rum</subfield></datafield><datafield ind1=" " ind2=" " tag="080"><subfield code="a">523.31</subfield></datafield><datafield ind1="1" ind2=" " tag="100"><subfield code="a">Toma, Elena</subfield></datafield><datafield ind1="1" ind2="0" tag="245"><subfield code="a">La drum cu pamantul</subfield><subfield code="c">Elena toma, magda stavinshi</subfield></datafield><datafield ind1=" " ind2=" " tag="260"><subfield code="a">Bucuresti</subfield><subfield code="b">Editura Stiintifica Si Enciclopedica</subfield><subfield code="c">1986</subfield></datafield><datafield ind1=" " ind2=" " tag="300"><subfield code="a">149 P</subfield></datafield><datafield ind1=" " ind2=" " tag="490"><subfield code="a">Colectia Stiinta Pentru Toti Cunostinte Despre Univers</subfield></datafield><datafield ind1="1" ind2=" " tag="700"><subfield code="a">Stavinschi, Magda</subfield></datafield><datafield ind1=" " ind2=" " tag="852"><subfield code="a">73205</subfield><subfield code="c">523</subfield></datafield><datafield ind1=" " ind2=" " tag="CAT"><subfield code="a">Sys</subfield><subfield code="c">20141208</subfield><subfield code="h">130539</subfield></datafield></record></collection>